@MANUAL{flannel,
    author = "CoreOS",
    title = "flannel",
    url = "https://github.com/coreos/flannel",
    note = "[online] [cit. 2016-05-09]"
}

@MANUAL{gitlabci,
    organization = "GitLab.org",
    title = "GitLab Documentation",
    url = "http://doc.gitlab.com/ce/ci/quick_start/README.html",
    note = "[online] [cit. 2016-05-09]"
}

@MANUAL{kubernetesio,
    author = {{Google, Inc.}},
    title = "Kubernetes",
    url = "http://kubernetes.io/",
    note = "[online] [cit. 2016-05-09]"
}

@MANUAL{kubernetesdoc,
    author = {{Google, Inc.}},
    title = "Kubernetes -- Guides",
    url = "http://kubernetes.io/docs/",
    note = "[online] [cit. 2016-05-09]"
}

@ONLINE{vmware,
    author = {{VMware Inc.}},
    title = "VMware",
    url = "http://www.vmware.com/",
    note = "[online] [cit. 2016-05-09]"
}

@ONLINE{openvz,
    author = {{Parallels, Inc.}},
    title = "OpenVZ",
    url = "https://openvz.org/",
    note = "[online] [cit. 2016-05-09]"
}

@ONLINE{virtualbox,
    author = {{Oracle Corporation}},
    title = "VirtualBox",
    url = "https://www.virtualbox.org/",
    note = "[online] [cit. 2016-05-09]"
}

@ONLINE{lxc,
    author = {{Canonical Ltd.}},
    title = "Linux Containers",
    url = "https://linuxcontainers.org/",
    note = "[online] [cit. 2016-05-09]"
}

@ONLINE{rocket,
    author = "CoreOS",
    title = "rkt -- App Container runtime",
    url = "https://github.com/coreos/rkt",
    note = "[online] [cit. 2016-05-09]"
}
 
@ARTICLE{linuxcontainers,
    author = "Ryan Wallner",
    title = "Linux Containers: Parallels, LXC, OpenVZ, Docker and More",
    url = "http://aucouranton.com/2014/06/13/linux-containers-parallels-lxc-openvz-Docker-and-more/",
    note = "[online] [cit. 2016-05-09]"
}

@MANUAL{docker,
    author = {{Docker, Inc.}},
    title = "Docker",
    url = "https://www.docker.com/",
    note = "[online] [cit. 2016-05-09]"
}

@MANUAL{dockerdocs,
    author = {{Docker, Inc.}},
    title = "Docker Docs",
    url = "https://docs.docker.com/",
    note = "[online] [cit. 2016-05-09]"
}


@ARTICLE{tomkukral,
    author = "Tomáš Kukrál",
    title = "Kubernetes -- úklid mezi kontejnery",
    url = "https://www.linuxdays.cz/2015/video/Tomas_Kukral-Kubernetes_uklid_mezi_kontejnery.pdf",
    note = "[online] [cit. 2016-05-09]"
}

@MANUAL{etcd,
    author = {{CodeOS}},
    title = "etcd",
    url = "https://github.com/coreos/etcd",
    note = "[online] [cit. 2016-05-09]"
}

@MANUAL{kubernetes-networking,
    author = {{Google, Inc.}},
    title = "Networking in Kubernetes",
    url = "http://kubernetes.io/docs/admin/networking/",
    note = "[online] [cit. 2016-05-09]"
}

@MANUAL{kubernetes-docker-multinode,
    author = {{Google, Inc.}},
    title = "Docker (Multi-Node)",
    url = "http://kubernetes.io/docs/getting-started-guides/docker-multinode/",
    note = "[online] [cit. 2016-05-09]"
}

@MANUAL{calico,
    author = {{Project Calico}},
    title = "Calico for containers",
    url = "https://github.com/projectcalico/calico-containers",
    note = "[online] [cit. 2016-05-09]"
}

@MANUAL{calico-kubernetes,
    author = {{Project Calico}},
    title = "Calico for containers",
    url = "https://github.com/projectcalico/calico-containers/blob/v0.18.0/docs/cni/kubernetes/README.md",
    note = "[online] [cit. 2016-05-09]"
}

@MANUAL{bird,
    author = {{CZ.NIC Labs}},
    title = "The BIRD Internet Routing Daemon",
    url = "http://bird.network.cz/?get_doc&f=bird-1.html",
    note = "[online] [cit. 2016-05-09]"
}

@MANUAL{tcpcloud-opencontrail,
    author = {{tcp cloud, a.s.}},
    title = "OpenContrail SDN Lab testing 1 -- ToR Switches with OVSDB",
    url = "http://www.tcpcloud.eu/en/blog/2015/07/13/opencontrail-sdn-lab-testing-1-tor-switches-ovsdb/",
    note = "[online] [cit. 2016-05-09]"
}

@MANUAL{opencontrail,
    author = {{Juniper Networks}},
    title = "OpenContrail",
    url = "http://www.opencontrail.org/opencontrail-quick-start-guide/ ",
    note = "[online] [cit. 2016-05-09]"
}                

@MANUAL{docker-registry,
    author = {{Docker, Inc.}},
    title = "Docker Registry",
    url = "https://docs.docker.com/registry/",
    note = "[online] [cit. 2016-05-09]"
}

@MANUAL{docker-registry-storages,
    author = {{Docker, Inc.}},
    title = "Docker Registry Storage Driver",
    url = "https://docs.docker.com/registry/storagedrivers/",
    note = "[online] [cit. 2016-05-09]"
}

@MANUAL{secrets,
    author = {{Google, Inc.}},
    title = "Kubernetes -- Secrets",
    url = "http://kubernetes.io/docs/user-guide/secrets/",
    note = "[online] [cit. 2016-05-09]"
}               

@MANUAL{fluentd,
    author = {{Treasure Data, Inc.}},
    title = "fluentd",
    url = "http://www.fluentd.org/",
    note = "[online] [cit. 2016-05-09]"
}

@MANUAL{logstash,
    author = {{Elasticsearch BV}},
    title = "Logstash",
    url = "https://github.com/elastic/logstash/tree/2.2",
    note = "[online] [cit. 2016-05-09]"
}

@MANUAL{heka,
    author = {{Mozilla Corporation}},
    title = "Heka",
    url = "https://hekad.readthedocs.org/en/latest/",
    note = "[online] [cit. 2016-05-09]"
}

@MANUAL{shopify,
    author = {{Shopify, Inc.}},
    title = "sarama",
    url = "http://shopify.github.io/sarama/",
    note = "[online] [cit. 2016-05-09]"
}

@MANUAL{prometheus,
    author = {{Prometheus Authors}},
    title = "Prometheus",
    url = "https://prometheus.io/docs/introduction/overview/",
    note = "[online] [cit. 2016-05-09]"
}

@ARTICLE{programming-naming,
    author = "Phil Johnson",
    title = "Don’t go into programming if you don’t have a good thesaurus",
    url = "http://www.itworld.com/article/2833265/cloud-computing/don-t-go-into-programming-if-you-don-t-have-a-good-thesaurus.html",
    note = "[online] [cit. 2016-05-09]"
}

@MANUAL{tarsier,
    author = {{Wikipedia: the free encyclopedia}},
    title = "Tarsier",
    url = "https://en.wikipedia.org/wiki/Tarsier",
    note = "[online] [cit. 2016-05-09]"
}

@MANUAL{consul,
    author = "HashiCorp",
    title = "Consul",
    url = "https://www.consul.io/",
    note = "[online] [cit. 2016-05-09]"
}

@MANUAL{golang,
    author = {{Google, Inc.}},
    title = "The Go Programming Language",
    url = "https://golang.org/",
    note = "[online] [cit. 2016-05-09]"
}

@MANUAL{python,
    author = {{Python Software Foundation}},
    title = "python",
    url = "https://www.python.org/",
    note = "[online] [cit. 2016-05-09]"
}

@MANUAL{wrk,
    author = "Will Glozer",
    title = "wrk",
    url = "https://github.com/wg/wrk",
    note = "[online] [cit. 2016-05-09]"
}

@SOFTWARE{visio,
    author = {{Microsoft Corporation}},
    title = "Visio",
    url = "https://products.office.com/cs-cz/visio/flowchart-software",
    note = "[cit. 2016-05-09]"
}


@ONLINE{nginx,
    author = {{NGINX, Inc.}},
    title = "nginx",
    url = "http://nginx.org/",
    note = "[online] [cit. 2016-05-09]"
}

@ONLINE{apache,
    author = {{The Apache Software Foundation}},
    title = "Apache HTTP Server",
    url = "https://httpd.apache.org/",
    note = "[online] [cit. 2016-05-09]"
}

@ONLINE{elasticsearch,
    author = {{Elasticsearch BV}},
    title = "Elasticsearch",
    url = "https://www.elastic.co/products/elasticsearch",
    note = "[online] [cit. 2016-05-09]"
}

@ONLINE{hdfs,
    author = {{The Apache Software Foundation}},
    title = "HDFS Users Guide ",
    url = "https://hadoop.apache.org/docs/r1.2.1/hdfs_user_guide.html",
    note = "[online] [cit. 2016-05-09]"
}

@ONLINE{heartbleed,
    author = {{Codenomicon Ltd.}},
    title = "The Heartbleed Bug",
    url = "http://heartbleed.com/",
    note = "[online] [cit. 2016-05-09]"
}

@ONLINE{debian,
    author = {{Software in the Public Interest, Inc}},
    title = "Debian",
    url = "https://www.debian.org/",
    note = "[online] [cit. 2016-05-09]"
}

@ONLINE{logrotate,
    author = {{TROAN E., Brown P.}},
    title = "logrotate",
    url = "http://www.linuxcommand.org/man_pages/logrotate8.html",
    note = "[online] [cit. 2016-05-09]"
}

@ONLINE{prometheus,
    author = {{Prometheus Authors}},
    title = "Prometheus",
    url = "https://prometheus.io/",
    note = "[online] [cit. 2016-05-09]"
}

@ONLINE{fedora-atomic,
    author = {{Red Hat, Inc.}},
    title = "Project Atomic",
    url = "http://www.projectatomic.io/",
    note = "[online] [cit. 2016-05-09]"
}

@ONLINE{rfc1918,
    author = {{Y. Rekhter, Cisco Systems, B. Moskowitz, Chrysler Corp., D. Karrenberg, RIPE NCC, G. J. de Groot, RIPE NCC, E. Lear, Silicon Graphics, Inc.}},
    title = "RFC 1918 -- Address Allocation for Private Internets",
    url = "https://tools.ietf.org/html/rfc1918",
    note = "[online] [cit. 2016-05-09]"
}

@ONLINE{tcpcloud,
    author = {{tcp cloud, a.s.}},
    title = "tcp cloud",
    url = "http://www.tcpcloud.eu/",
    note = "[online] [cit. 2016-05-09]"
}

@ONLINE{ansible,
    author = {{Red Hat, Inc.}},
    title = "Ansible",
    url = "https://www.ansible.com/",
    note = "[online] [cit. 2016-05-09]"
}

@ONLINE{django,
    author = {{Django Software Foundation}},
    title = "Django",
    url = "https://www.djangoproject.com/",
    note = "[online] [cit. 2016-05-09]"
}

@ONLINE{flask,
    author = "Armin Ronacher",
    title = "Flask (A Python Microframework)",
    url = "http://flask.pocoo.org/",
    note = "[online] [cit. 2016-05-09]"
}

@ONLINE{tornado,
    author = {{Tornado Authors}},
    title = "Tornado Web Server",
    url = "http://www.tornadoweb.org/en/stable/",
    note = "[online] [cit. 2016-05-09]"
}

@ONLINE{jinja2,
    author = "Armin Ronacher",
    title = "Jinja2",
    url = "http://jinja.pocoo.org/docs/dev/",
    note = "[online] [cit. 2016-05-09]"
}

@ONLINE{flask-django-tornado,
    author = "Jason Long",
    title = "Python's Web Framework Benchmarks",
    url = "http://klen.github.io/py-frameworks-bench/",
    note = "[online] [cit. 2016-05-09]"
}

@ONLINE{kafka,
    author = {{The Apache Software Foundation}},
    title = "Apache Kafka",
    url = "http://kafka.apache.org/",
    note = "[online] [cit. 2016-05-09]"
}

@ONLINE{ruby,
    author = {{Ruby community}},
    title = "Ruby",
    url = "https://www.ruby-lang.org/en/",
    note = "[online] [cit. 2016-05-09]"
}

@ONLINE{nodejs,
    author = {{Node.js Foundation}},
    title = "Node.js",
    url = "https://nodejs.org/en/",
    note = "[online] [cit. 2016-05-09]"
}

@ONLINE{pip,
    author = {{qwcode, dstufft, brosner, carljm, jezdez, ianb}},
    title = "pip",
    url = "https://pip.pypa.io/en/stable/",
    note = "[online] [cit. 2016-05-09]"
}

@ONLINE{kibana,
    author = {{Elasticsearch BV}},
    title = "Kibana",
    url = "https://www.elastic.co/products/kibana",
    note = "[online] [cit. 2016-05-09]"
}

@ONLINE{grafana,
    author = {{Torkel Ödegaard \& Coding Instinct AB}},
    title = "Grafana",
    url = "http://grafana.org/",
    note = "[online] [cit. 2016-05-09]"
}

@ONLINE{yaml,
    author = "Clark C. Evans",
    title = "YAML",
    url = "http://yaml.org/",
    note = "[online] [cit. 2016-05-09]"
}

@ONLINE{json,
    author = {{}},
    title = "JSON",
    url = "http://www.json.org/",
    note = "[online] [cit. 2016-05-09]"
}

@ONLINE{glusterfs,
    author = {{Red Hat, Inc.}},
    title = "GlusterFS",
    url = "https://www.gluster.org/",
    note = "[online] [cit. 2016-05-09]"
}

@ONLINE{goroutine,
    author = {{Google, Inc.}},
    title = "Goroutines",
    url = "https://tour.golang.org/concurrency/1",
    note = "[online] [cit. 2016-05-09]"
}
 
@ONLINE{dbglog,
    author = {{Seznam.cz, a.s.}},
    title = "DbgLog",
    url = "http://dbglog.sourceforge.net/",
    note = "[online] [cit. 2016-05-09]"
}

@ONLINE{bower,
    author = {{@fat \& @maccman}},
    title = "Bower",
    url = "http://bower.io/",
    note = "[online] [cit. 2016-05-09]"
}

@ONLINE{glide,
    author = "Matt Farina",
    title = "glide",
    url = "https://github.com/Masterminds/glide",
    note = "[online] [cit. 2016-05-09]"
}

@ONLINE{swift,
    author = {{SwiftStack, Inc.}},
    title = "OpenStack Swift",
    url = "https://www.swiftstack.com/openstack-swift/",
    note = "[online] [cit. 2016-05-09]"
}

@ONLINE{npm,
    author = {{npm, Inc.}},
    title = "npm",
    url = "https://www.npmjs.com/",
    note = "[online] [cit. 2016-05-09]"
}

@ONLINE{salt,
    author = {{SaltStack, Inc.}},
    title = "SaltStack",
    url = "http://saltstack.com/",
    note = "[online] [cit. 2016-05-09]"
}