@MANUAL{kubernetesio,
    author = {{Google, Inc.}},
    title = "Kubernetes",
    url = "http://kubernetes.io/",
    note = "[online] [cit. 2016-06-10]"
}
@MANUAL{kubernetes-logo,
    author = {{Twitter, Inc.}},
    title = "Kubernets logo",
    url = "https://pbs.twimg.com/profile_images/511909265720614913/21_d3cvM.png",
    note = "[online] [cit. 2016-06-10]"
}
@MANUAL{docker-logo,
    author = {{XebiaLabs, Inc.}},
    title = "Docker logo",
    url = "http://blog.xebialabs.com/wp-content/uploads/2016/04/docker-logo.png",
    note = "[online] [cit. 2016-06-10]"
}
@MANUAL{dockerio-whatisdocker,
    author = {{Docker, Inc.}},
    title = "What is Docker?",
    url = "https://www.docker.com/what-docker",
    note = "[online] [cit. 2016-06-10]"
}
@MANUAL{docker-logs,
    author ={{Docker, Inc.}},
    title = "Configure logging drivers",
    url = "https://docs.docker.com/engine/admin/logging/overview/",
    note = "[online] [cit. 2016-06-10]"
}
@MANUAL{fluentd-architecture,
    author = {{Treasure Data, Inc.}},
    title = "Fluentd architecture",
    url = "http://docs.fluentd.org/images/fluentd-architecture.png",
    note = "[online] [cit. 2016-06-10]"
}
@MANUAL{apache-avro,
    author = {{The Apache Software Foundation}},
    title = "Apache Avro",
    url = "https://avro.apache.org/",
    note = "[online] [cit. 2016-06-10]"
}
@MANUAL{heka,
    author = {{Mozilla Corporation}},
    title = "Heka",
    url = " https://github.com/mozilla-services/heka",
    note = "[online] [cit. 2016-06-10]"
}
@MANUAL{kafka,
    author = {{The Apache Software Foundation}},
    title = "Apache Kafka",
    url = " http://kafka.apache.org/",
    note = "[online] [cit. 2016-06-10]"
}
@MANUAL{logrus,
    author = {{Eskildsen S.}},
    title = "Logrus",
    url = "https://github.com/Sirupsen/logrus",
    note = "[online] [cit. 2016-06-10]"
}
@MANUAL{tarsier-source,
    author = {{The Animal Network}},
    title = "Tarsier",
    url = "http://animalnetwork.davyprovoost.netdna-cdn.com/wp-content/uploads/2015/02/tarsier-funny-600x380.jpg",
    note = "[online] [cit. 2016-06-10]"
}
@MANUAL{krasty,
    author = {{Seznam.cz, a.s.}},
    title = "Krasty",
    url = "krasty http://onas.seznam.cz/cz/ke-stazeni/krasty/",
    note = "[online] [cit. 2016-06-10]"
}